
%===============================================================================
% Methods

@article{morano2024rrwnet,
    title = {{RRWNet}: {R}ecursive {R}efinement {N}etwork for effective retinal artery/vein segmentation and classification},
    journal = {Expert Systems with Applications},
    volume = {256},
    pages = {124970},
    year = {2024},
    issn = {0957-4174},
    doi = {10.1016/j.eswa.2024.124970},
    author = {José Morano and Guilherme Aresta and Hrvoje Bogunović},
}


@InProceedings{ronneberger2015unet,
    author="Ronneberger, Olaf
        and Fischer, Philipp
        and Brox, Thomas",
    editor="Navab, Nassir
        and Hornegger, Joachim
        and Wells, William M.
        and Frangi, Alejandro F.",
    title="{U-Net}: Convolutional Networks for Biomedical Image Segmentation",
    booktitle="Medical Image Computing and Computer-Assisted Intervention -- MICCAI 2015",
    year="2015",
    publisher="Springer International Publishing",
    address="Cham",
    pages="234--241",
    isbn="978-3-319-24574-4",
    doi="10.1007/978-3-319-24574-4_28"
}




%===============================================================================
% Datasets

@data{dualmodal2019,
    doi = {10.21227/wbpy-mf57},
    url = {https://dx.doi.org/10.21227/wbpy-mf57},
    urldate = {2025-08-25},
    author = {Shulin Zhang and Rui Zheng and Mingzhai Sun},
    publisher = {IEEE Dataport},
    title = {DualModal2019 dataset},
    year = {2019}
}

@data{afio2020,
    doi = {10.17632/3CSR652P9Y.2},
    url = {https://data.mendeley.com/datasets/3csr652p9y/2},
    urldate = {2025-08-25},
    author = {Hassan,  Taimur},
    keywords = {Retina,  Hypertensive Retinopathy,  Diabetic Retinopathy,  Fundus Imaging},
    title = {Data on Fundus Images for Vessels Segmentation,  Detection of Hypertensive Retinopathy,  Diabetic Retinopathy and Papilledema},
    publisher = {Mendeley},
    year = {2020}
}

@article{deng2025fundusavseg,
    title = {A Fundus Image Dataset for {AI}-based Artery-Vein Vessel Segmentation},
    volume = {12},
    ISSN = {2052-4463},
    url = {https://figshare.com/articles/dataset/Fundus-AVSeg/27938034},
    urldate = {2025-08-25},
    DOI = {10.1038/s41597-025-05381-2},
    number = {1},
    journal = {Scientific Data},
    publisher = {Springer Science and Business Media LLC},
    author = {Deng,  Zhuo and Gao,  Weihao and Gong,  Zheng and Gan,  Run and Chen,  Lu and Zhang,  Shaochong and Ma,  Lan},
    year = {2025},
    month = jul
}


@InProceedings{orlando2018lesav,
    author="Orlando, Jos{\'e} Ignacio
        and Barbosa Breda, Jo{\~a}o
        and van Keer, Karel
        and Blaschko, Matthew B.
        and Blanco, Pablo J.
        and Bulant, Carlos A.",
    editor="Frangi, Alejandro F.
        and Schnabel, Julia A.
        and Davatzikos, Christos
        and Alberola-L{\'o}pez, Carlos
        and Fichtinger, Gabor",
    title="Towards a Glaucoma Risk Index Based on Simulated Hemodynamics from Fundus Images",
    booktitle="Medical Image Computing and Computer Assisted Intervention -- MICCAI 2018",
    year="2018",
    publisher="Springer International Publishing",
    address="Cham",
    pages="65--73",
    doi = "10.1007/978-3-030-00934-2_8",
    url = "https://figshare.com/articles/dataset/LES-AV_dataset/11857698",
    urldate = {2025-08-25},
}

@article{budai2013robust,
    title = {Robust Vessel Segmentation in Fundus Images},
    volume = {2013},
    ISSN = {1687-4196},
    url = {https://www5.cs.fau.de/research/data/fundus-images/},
    urldate = {2025-08-25},
    DOI = {10.1155/2013/154860},
    journal = {International Journal of Biomedical Imaging},
    publisher = {Hindawi Limited},
    author = {Budai,  A. and Bock,  R. and Maier,  A. and Hornegger,  J. and Michelson,  G.},
    year = {2013},
    pages = {1–11},
}

@inbook{hu2013rite,
    title = {Automated Separation of Binary Overlapping Trees in Low-Contrast Color Retinal Images},
    ISBN = {9783642387098},
    ISSN = {1611-3349},
    url = {http://dx.doi.org/10.1007/978-3-642-40763-5_54},
    DOI = {10.1007/978-3-642-40763-5_54},
    booktitle = {Advanced Information Systems Engineering},
    publisher = {Springer Berlin Heidelberg},
    author = {Hu,  Qiao and Abràmoff,  Michael D. and Garvin,  Mona K.},
    year = {2013},
    pages = {436–443},
    url = {https://eye.medicine.uiowa.edu/rite-dataset},
    urldate = {2025-08-25},
}

@article{staal2004ridge,
  title = {Ridge-Based Vessel Segmentation in Color Images of the Retina},
  volume = {23},
  ISSN = {0278-0062},
  url = {http://dx.doi.org/10.1109/TMI.2004.825627},
  DOI = {10.1109/tmi.2004.825627},
  number = {4},
  journal = {IEEE Transactions on Medical Imaging},
  publisher = {Institute of Electrical and Electronics Engineers (IEEE)},
  author = {Staal,  J. and Abramoff,  M.D. and Niemeijer,  M. and Viergever,  M.A. and van Ginneken,  B.},
  year = {2004},
  month = apr,
  pages = {501–509}
}

@article{chen2022twgan,
  title = {{TW-GAN}: Topology and width aware {GAN} for retinal artery/vein classification},
  volume = {77},
  ISSN = {1361-8415},
  url = {http://dx.doi.org/10.1016/j.media.2021.102340},
  DOI = {10.1016/j.media.2021.102340},
  journal = {Medical Image Analysis},
  publisher = {Elsevier BV},
  author = {Chen,  Wenting and Yu,  Shuang and Ma,  Kai and Ji,  Wei and Bian,  Cheng and Chu,  Chunyan and Shen,  Linlin and Zheng,  Yefeng},
  year = {2022},
  month = apr,
  pages = {102340},
  url = {https://github.com/o0t1ng0o/TW-GAN},
  urldate = {2025-08-25},
}


%===============================================================================
% Data processing

@inbook{zuiderveld1994clahe,
author = {Zuiderveld, Karel},
title = {Contrast limited adaptive histogram equalization},
year = {1994},
isbn = {0123361559},
publisher = {Academic Press Professional, Inc.},
address = {USA},
booktitle = {Graphics Gems IV},
pages = {474–485},
numpages = {12}
}

@article{morano2021simultaneous,
  title = {Simultaneous segmentation and classification of the retinal arteries and veins from color fundus images},
  volume = {118},
  ISSN = {0933-3657},
  url = {http://dx.doi.org/10.1016/j.artmed.2021.102116},
  DOI = {10.1016/j.artmed.2021.102116},
  journal = {Artificial Intelligence in Medicine},
  publisher = {Elsevier BV},
  author = {Morano,  José and Hervella,  Álvaro S. and Novo,  Jorge and Rouco,  José},
  year = {2021},
  month = aug,
  pages = {102116}
}



%===============================================================================
% Training

@inproceedings{kingma2015adam,
    title={Adam: A method for stochastic optimization},
    author={Kingma, Diederik P. and Ba, Jimmy},
    booktitle={3rd International Conference on Learning Representations -- ICLR 2015},
    year={2015},
}

